<?xml version="1.0" encoding="UTF-8"?>
<marc:collection xmlns:marc="http://www.loc.gov/MARC21/slim" xmlns:xsi="http://www.w3.org/2001/XMLSchema-instance" xsi:schemaLocation="http://www.loc.gov/MARC21/slim http://www.loc.gov/standards/marcxml/schema/MARC21slim.xsd">
   <marc:record type="Bibliographic">
      <marc:leader>02760cam a2200457 a 4500</marc:leader>
      <marc:controlfield tag="001">499168</marc:controlfield>
      <marc:controlfield tag="003">NjP</marc:controlfield>
      <marc:controlfield tag="005">20170518131515.0</marc:controlfield>
      <marc:controlfield tag="008">890313s1982    ir       b    000 0 ara d</marc:controlfield>
      <marc:datafield tag="024" ind1="7" ind2=" ">
         <marc:subfield code="a">princeton_aco001269</marc:subfield>
         <marc:subfield code="2">local</marc:subfield>
      </marc:datafield>
      <marc:datafield tag="035" ind1=" " ind2=" ">
         <marc:subfield code="a">(OCoLC)ocn175725757</marc:subfield>
      </marc:datafield>
      <marc:datafield tag="035" ind1=" " ind2=" ">
         <marc:subfield code="a">(OCoLC)26670439</marc:subfield>
      </marc:datafield>
      <marc:datafield tag="040" ind1=" " ind2=" ">
         <marc:subfield code="a">NjP</marc:subfield>
         <marc:subfield code="c">PUL</marc:subfield>
         <marc:subfield code="d">PUL</marc:subfield>
      </marc:datafield>
      <marc:datafield tag="035" ind1=" " ind2=" ">
         <marc:subfield code="a">(OCoLC)175725757</marc:subfield>
      </marc:datafield>
      <marc:datafield tag="035" ind1=" " ind2=" ">
         <marc:subfield code="a">(CStRLIN)NJPG89-B12573</marc:subfield>
      </marc:datafield>
      <marc:datafield tag="035" ind1=" " ind2=" ">
         <marc:subfield code="9">ACH4936TS</marc:subfield>
      </marc:datafield>
      <marc:datafield tag="035" ind1=" " ind2=" ">
         <marc:subfield code="a">(NjP)499168</marc:subfield>
      </marc:datafield>
      <marc:datafield tag="079" ind1=" " ind2=" ">
         <marc:subfield code="a">ocm26670439</marc:subfield>
      </marc:datafield>
      <marc:datafield tag="049" ind1=" " ind2=" ">
         <marc:subfield code="a">PULL</marc:subfield>
      </marc:datafield>
      <marc:datafield tag="100" ind1="0" ind2=" ">
         <marc:subfield code="6">880-01</marc:subfield>
         <marc:subfield code="a">Ibn al-Maghāzilī,</marc:subfield>
         <marc:subfield code="d">-1090 or 1091</marc:subfield>
         <marc:subfield code="0">(uri)http://id.loc.gov/authorities/names/n82053719</marc:subfield>
      </marc:datafield>
      <marc:datafield tag="245" ind1="1" ind2="0">
         <marc:subfield code="6">880-02</marc:subfield>
         <marc:subfield code="a">Manāqib ʻAlī ibn Abī Ṭālib, ʻalayhi al-salām /</marc:subfield>
         <marc:subfield code="c">lil-faqīh Abī al-Ḥasan ʻAlī ibn Muḥammad ibn Muḥammad al-Wāsiṭī al-Jullābī al-Shāfiʻī al-shahīr bi-Ibn al-Maghāzilī. Maʻa risālat al-Mīzān al-qāsiṭ fī tarjamat muʼarrikh Wāsiṭ / lil-ʻallāmah Shihāb al-Dīn al-Ḥusaynī al-Marʻashī al-Najafī.</marc:subfield>
      </marc:datafield>
      <marc:datafield tag="250" ind1=" " ind2=" ">
         <marc:subfield code="6">880-03</marc:subfield>
         <marc:subfield code="a">al-Ṭabʻah 2.</marc:subfield>
      </marc:datafield>
      <marc:datafield tag="260" ind1=" " ind2=" ">
         <marc:subfield code="6">880-04</marc:subfield>
         <marc:subfield code="a">Ṭihrān :</marc:subfield>
         <marc:subfield code="b">al-Maktabah al-Islāmīyah,</marc:subfield>
         <marc:subfield code="c">1403 [1982 or 1983]</marc:subfield>
      </marc:datafield>
      <marc:datafield tag="300" ind1=" " ind2=" ">
         <marc:subfield code="a">459 p. ;</marc:subfield>
         <marc:subfield code="c">25 cm.</marc:subfield>
      </marc:datafield>
      <marc:datafield tag="500" ind1=" " ind2=" ">
         <marc:subfield code="6">880-05</marc:subfield>
         <marc:subfield code="a">On t.p. verso: ḥaqqaqahu wa-ʻallaqa ʻalayhi Muḥammad Bāqir al-Bahbūdī.</marc:subfield>
      </marc:datafield>
      <marc:datafield tag="504" ind1=" " ind2=" ">
         <marc:subfield code="a">Includes bibliographical references.</marc:subfield>
      </marc:datafield>
      <marc:datafield tag="600" ind1="0" ind2="0">
         <marc:subfield code="a">ʻAlī ibn Abī Ṭālib,</marc:subfield>
         <marc:subfield code="c">Caliph,</marc:subfield>
         <marc:subfield code="d">600 (ca.)-661.</marc:subfield>
      </marc:datafield>
      <marc:datafield tag="700" ind1="1" ind2=" ">
         <marc:subfield code="6">880-06</marc:subfield>
         <marc:subfield code="a">Bahbūdī, Muḥammad al-Bāqir.</marc:subfield>
      </marc:datafield>
      <marc:datafield tag="700" ind1="1" ind2="2">
         <marc:subfield code="6">880-07</marc:subfield>
         <marc:subfield code="a">Marʻashī Najafī, Shihāb al-Dīn.</marc:subfield>
         <marc:subfield code="t">Mīzān al-qāsiṭ fī tarjamat muʼarrikh Wāsiṭ.</marc:subfield>
         <marc:subfield code="f">1982.</marc:subfield>
      </marc:datafield>
      <marc:datafield tag="740" ind1="0" ind2=" ">
         <marc:subfield code="6">880-08</marc:subfield>
         <marc:subfield code="a">Mīzān al-qāsiṭ fī tarjamat muʼarrikh Wāsiṭ.</marc:subfield>
      </marc:datafield>
      <marc:datafield tag="880" ind1="0" ind2=" ">
         <marc:subfield code="6">100-01/r</marc:subfield>
         <marc:subfield code="a">ابن المغازلي،</marc:subfield>
         <marc:subfield code="d">d. 1090 or 91.</marc:subfield>
      </marc:datafield>
      <marc:datafield tag="880" ind1="1" ind2="0">
         <marc:subfield code="6">245-02/r</marc:subfield>
         <marc:subfield code="a">مناقب علي بن ابي طالب، عليه السلام /</marc:subfield>
         <marc:subfield code="c">للفقيه ابي الحسن علي بن محمد بن محمد الواسطي الجلابي الشافعي الشهير بابن المغازلي. مع رسالة الميزان القاسط في ترجمة مؤرخ واسط / للعلامة شهاب الدين الحسيني المرعشي النجفي.</marc:subfield>
      </marc:datafield>
      <marc:datafield tag="880" ind1=" " ind2=" ">
         <marc:subfield code="6">250-03/r</marc:subfield>
         <marc:subfield code="a">الطبعة 2.</marc:subfield>
      </marc:datafield>
      <marc:datafield tag="880" ind1=" " ind2=" ">
         <marc:subfield code="6">260-04/r</marc:subfield>
         <marc:subfield code="a">طهران :</marc:subfield>
         <marc:subfield code="b">المكتبة الاسلامية،</marc:subfield>
         <marc:subfield code="c">1403 [1982 or 1983]</marc:subfield>
      </marc:datafield>
      <marc:datafield tag="880" ind1=" " ind2=" ">
         <marc:subfield code="6">500-05/r</marc:subfield>
         <marc:subfield code="a">On t.p. verso: حققه وعلق عليه محمد باقر البهبودي.</marc:subfield>
      </marc:datafield>
      <marc:datafield tag="880" ind1="1" ind2=" ">
         <marc:subfield code="6">700-06/r</marc:subfield>
         <marc:subfield code="a">بهبودي، محمد الباقر.</marc:subfield>
      </marc:datafield>
      <marc:datafield tag="880" ind1="1" ind2="2">
         <marc:subfield code="6">700-07/r</marc:subfield>
         <marc:subfield code="a">مرعشي نجفي، شهاب الدين.</marc:subfield>
         <marc:subfield code="t">ميزان القاسط في ترجمة مؤرخ واسط.</marc:subfield>
         <marc:subfield code="f">1982.</marc:subfield>
      </marc:datafield>
      <marc:datafield tag="880" ind1="0" ind2=" ">
         <marc:subfield code="6">740-08/r</marc:subfield>
         <marc:subfield code="a">ميزان القاسط في ترجمة مؤرخ واسط.</marc:subfield>
      </marc:datafield>
      <marc:datafield tag="998" ind1=" " ind2=" ">
         <marc:subfield code="a">01/08/93</marc:subfield>
         <marc:subfield code="s">9118</marc:subfield>
         <marc:subfield code="n">NjP</marc:subfield>
         <marc:subfield code="w">NJPG89B12573</marc:subfield>
         <marc:subfield code="d">03/13/89</marc:subfield>
         <marc:subfield code="c">JEB</marc:subfield>
         <marc:subfield code="b">MYP</marc:subfield>
         <marc:subfield code="i">930108</marc:subfield>
         <marc:subfield code="l">NJPG</marc:subfield>
      </marc:datafield>
      <marc:datafield tag="911" ind1=" " ind2=" ">
         <marc:subfield code="a">19930114</marc:subfield>
      </marc:datafield>
      <marc:datafield tag="912" ind1=" " ind2=" ">
         <marc:subfield code="a">19930108000000.0</marc:subfield>
      </marc:datafield>
      <marc:datafield tag="994" ind1=" " ind2=" ">
         <marc:subfield code="a">C0</marc:subfield>
         <marc:subfield code="b">PUL</marc:subfield>
      </marc:datafield>
      <marc:datafield tag="999" ind1=" " ind2=" ">
         <marc:subfield code="a">499168</marc:subfield>
      </marc:datafield>
   </marc:record>
</marc:collection>
